%% This BibTeX bibliography file was created using BibDesk.
%% https://bibdesk.sourceforge.io/

%% Created for Yizhan Miao at 2019-04-08 13:42:42 +0800

%% Saved with string encoding Unicode (UTF-8)
@article{chang2011libsvm,
    title={LIBSVM: A library for support vector machines},
    author={Chang, Chih-Chung and Lin, Chih-Jen},
    journal={ACM transactions on intelligent systems and technology (TIST)},
    volume={2},
    number={3},
    pages={27},
    year={2011},
    publisher={Acm}
}
@article{watrous2015phase,
    title={Phase-amplitude coupling supports phase coding in human ECoG},
    author={Watrous, Andrew J and Deuker, Lorena and Fell, Juergen and Axmacher, Nikolai},
    journal={Elife},
    volume={4},
    pages={e07886},
    year={2015},
    publisher={eLife Sciences Publications Limited}
}

@article{demiralp2007gamma,
    title={Gamma amplitudes are coupled to theta phase in human EEG during visual perception},
    author={Demiralp, Tamer and Bayraktaroglu, Zubeyir and Lenz, Daniel and Junge, Stefanie and Busch, Niko A and Maess, Burkhard and Ergen, Mehmet and Herrmann, Christoph S},
    journal={International journal of psychophysiology},
    volume={64},
    number={1},
    pages={24--30},
    year={2007},
    publisher={Elsevier}
}

@article{namboodiri2015visually,
    title={Visually cued action timing in the primary visual cortex},
    author={Namboodiri, Vijay Mohan K and Huertas, Marco A and Monk, Kevin J and Shouval, Harel Z and Shuler, Marshall G Hussain},
    journal={Neuron},
    volume={86},
    number={1},
    pages={319--330},
    year={2015},
    publisher={Elsevier}
}

@article{liu2015selective,
    title={Selective activation of a putative reinforcement signal conditions cued interval timing in primary visual cortex},
    author={Liu, Cheng-Hang and Coleman, Jason E and Davoudi, Heydar and Zhang, Kechen and Shuler, Marshall G Hussain},
    journal={Current Biology},
    volume={25},
    number={12},
    pages={1551--1561},
    year={2015},
    publisher={Elsevier}
}

@article{zold2015theta,
    title={Theta oscillations in visual cortex emerge with experience to convey expected reward time and experienced reward rate},
    author={Zold, Camila L and Shuler, Marshall G Hussain},
    journal={Journal of Neuroscience},
    volume={35},
    number={26},
    pages={9603--9614},
    year={2015},
    publisher={Soc Neuroscience}
}

@article{shuler2006reward,
    title={Reward timing in the primary visual cortex},
    author={Shuler, Marshall G and Bear, Mark F},
    journal={Science},
    volume={311},
    number={5767},
    pages={1606--1609},
    year={2006},
    publisher={American Association for the Advancement of Science}
}

@article{chubykin2013cholinergic,
    title={A cholinergic mechanism for reward timing within primary visual cortex},
    author={Chubykin, Alexander A and Roach, Emma B and Bear, Mark F and Shuler, Marshall G Hussain},
    journal={Neuron},
    volume={77},
    number={4},
    pages={723--735},
    year={2013},
    publisher={Elsevier}
}

@article{lima2011gamma,
    title={Gamma responses correlate with temporal expectation in monkey primary visual cortex},
    author={Lima, Bruss and Singer, Wolf and Neuenschwander, Sergio},
    journal={Journal of neuroscience},
    volume={31},
    number={44},
    pages={15919--15931},
    year={2011},
    publisher={Soc Neuroscience}
}

@article{salvioni2013visual,
    title={How the visual brain encodes and keeps track of time},
    author={Salvioni, Paolo and Murray, Micah M and Kalmbach, Lysiann and Bueti, Domenica},
    journal={Journal of Neuroscience},
    volume={33},
    number={30},
    pages={12423--12429},
    year={2013},
    publisher={Soc Neuroscience}
}

@article{buonomano2009state,
    title={State-dependent computations: spatiotemporal processing in cortical networks},
    author={Buonomano, Dean V and Maass, Wolfgang},
    journal={Nature Reviews Neuroscience},
    volume={10},
    number={2},
    pages={113},
    year={2009},
    publisher={Nature Publishing Group}
}

@article{lacefield2019reinforcement,
    title={Reinforcement Learning Recruits Somata and Apical Dendrites across Layers of Primary Sensory Cortex},
    author={Lacefield, Clay O and Pnevmatikakis, Eftychios A and Paninski, Liam and Bruno, Randy M},
    journal={Cell reports},
    volume={26},
    number={8},
    pages={2000--2008},
    year={2019},
    publisher={Elsevier}
}

@article{branco2011synaptic,
    title={Synaptic integration gradients in single cortical pyramidal cell dendrites},
    author={Branco, Tiago and H{\"a}usser, Michael},
    journal={Neuron},
    volume={69},
    number={5},
    pages={885--892},
    year={2011},
    publisher={Elsevier}
}

@article{mel2017synaptic,
    title={Synaptic plasticity in dendrites: complications and coping strategies},
    author={Mel, Bartlett W and Schiller, Jackie and Poirazi, Panayiota},
    journal={Current opinion in neurobiology},
    volume={43},
    pages={177--186},
    year={2017},
    publisher={Elsevier}
}

@article{caze2017dendrites,
    title={Dendrites enable a robust mechanism for neuronal stimulus selectivity},
    author={Caz{\'e}, Romain D and Jarvis, Sarah and Foust, Amanda J and Schultz, Simon R},
    journal={Neural computation},
    volume={29},
    number={9},
    pages={2511--2527},
    year={2017},
    publisher={MIT Press}
}

@article{xie2019exploring,
    title={Exploring Randomly Wired Neural Networks for Image Recognition},
    author={Xie, Saining and Kirillov, Alexander and Girshick, Ross and He, Kaiming},
    journal={arXiv preprint arXiv:1904.01569},
    year={2019}
}

@article{maass2002real,
    title={Real-time computing without stable states: A new framework for neural computation based on perturbations},
    author={Maass, Wolfgang and Natschl{\"a}ger, Thomas and Markram, Henry},
    journal={Neural computation},
    volume={14},
    number={11},
    pages={2531--2560},
    year={2002},
    publisher={MIT Press}
}

@article{bakhurin2017differential,
    title={Differential encoding of time by prefrontal and striatal network dynamics},
    author={Bakhurin, Konstantin I and Goudar, Vishwa and Shobe, Justin L and Claar, Leslie D and Buonomano, Dean V and Masmanidis, Sotiris C},
    journal={Journal of Neuroscience},
    volume={37},
    number={4},
    pages={854--870},
    year={2017},
    publisher={Soc Neuroscience}
}

@article{hardy2018encoding,
    title={Encoding time in feedforward trajectories of a recurrent neural network model},
    author={Hardy, NF and Buonomano, Dean V},
    journal={Neural computation},
    volume={30},
    number={2},
    pages={378--396},
    year={2018},
    publisher={MIT Press}
}

@article{remington2018dynamical,
    title={A dynamical systems perspective on flexible motor timing},
    author={Remington, Evan D and Egger, Seth W and Narain, Devika and Wang, Jing and Jazayeri, Mehrdad},
    journal={Trends in cognitive sciences},
    volume={22},
    number={10},
    pages={938--952},
    year={2018},
    publisher={Elsevier}
}

@article{simen2011model,
    title={A model of interval timing by neural integration},
    author={Simen, Patrick and Balci, Fuat and Cohen, Jonathan D and Holmes, Philip and others},
    journal={Journal of Neuroscience},
    volume={31},
    number={25},
    pages={9238--9253},
    year={2011},
    publisher={Soc Neuroscience}
}

@article{durstewitz2003self,
    title={Self-organizing neural integrator predicts interval times through climbing activity},
    author={Durstewitz, Daniel},
    journal={Journal of Neuroscience},
    volume={23},
    number={12},
    pages={5342--5353},
    year={2003},
    publisher={Soc Neuroscience}
}

@article{matell2004cortico,
    title={Cortico-striatal circuits and interval timing: coincidence detection of oscillatory processes},
    author={Matell, Matthew S and Meck, Warren H},
    journal={Cognitive brain research},
    volume={21},
    number={2},
    pages={139--170},
    year={2004},
    publisher={Elsevier}
}

@article{ivry2008dedicated,
    title={Dedicated and intrinsic models of time perception},
    author={Ivry, Richard B and Schlerf, John E},
    journal={Trends in cognitive sciences},
    volume={12},
    number={7},
    pages={273--280},
    year={2008},
    publisher={Elsevier}
}

@article{paton2018neural,
    title={The neural basis of timing: distributed mechanisms for diverse functions},
    author={Paton, Joseph J and Buonomano, Dean V},
    journal={Neuron},
    volume={98},
    number={4},
    pages={687--705},
    year={2018},
    publisher={Elsevier}
}

@article{buonomano2007biology,
    title={The biology of time across different scales},
    author={Buonomano, Dean V},
    journal={Nature chemical biology},
    volume={3},
    number={10},
    pages={594},
    year={2007},
    publisher={Nature Publishing Group}
}

@article{panda2002circadian,
    title={Circadian rhythms from flies to human},
    author={Panda, Satchidananda and Hogenesch, John B and Kay, Steve A},
    journal={Nature},
    volume={417},
    number={6886},
    pages={329},
    year={2002},
    publisher={Nature Publishing Group}
}

@article{moiseff1981neuronal,
    title={Neuronal and behavioral sensitivity to binaural time differences in the owl},
    author={Moiseff, Andrew and Konishi, MASAKAZU},
    journal={Journal of Neuroscience},
    volume={1},
    number={1},
    pages={40--48},
    year={1981},
    publisher={Soc Neuroscience}
}


@misc{bioelectromagnetism,
    title = {Bioelectromagnetism Matlab Toolbox},
    year = {2003},
    url = "http://eeg.sourceforge.net/bioelectromagnetism.html",
}


@article{psychopy,
    Author = {Peirce, Jonathan and Gray, Jeremy R and Simpson, Sol and MacAskill, Michael and H{\"o}chenberger, Richard and Sogo, Hiroyuki and Kastman, Erik and Lindel{\o}v, Jonas Kristoffer},
    Journal = {Behavior research methods},
    Pages = {1--9},
    Publisher = {Springer},
    Title = {PsychoPy2: Experiments in behavior made easy},
    Year = {2019}}

@article{gibbon1977scalar,
    Author = {Gibbon, John},
    Journal = {Psychological review},
    Number = {3},
    Pages = {279},
    Publisher = {American Psychological Association},
    Title = {Scalar expectancy theory and Weber's law in animal timing.},
    Volume = {84},
    Year = {1977}}

@article{fsl,
    Author = {Jenkinson, Mark and Beckmann, Christian F and Behrens, Timothy EJ and Woolrich, Mark W and Smith, Stephen M},
    Journal = {Neuroimage},
    Number = {2},
    Pages = {782--790},
    Publisher = {Elsevier},
    Title = {Fsl},
    Volume = {62},
    Year = {2012}}

@article{talairach_daemon,
    title={Automated Talairach atlas labels for functional brain mapping},
    author={Lancaster, Jack L and Woldorff, Marty G and Parsons, Lawrence M and Liotti, Mario and Freitas, Catarina S and Rainey, Lacy and Kochunov, Peter V and Nickerson, Dan and Mikiten, Shawn A and Fox, Peter T},
    journal={Human brain mapping},
    volume={10},
    number={3},
    pages={120--131},
    year={2000},
    publisher={Wiley Online Library}
}

@misc{scipy,
    author = {Eric Jones and Travis Oliphant and Pearu Peterson and others},
    title =  {{SciPy}: Open source scientific tools for {Python}},
    year =   {2001--},
    url = "http://www.scipy.org/",
    note = {[Online; accessed <today>]}
}

@article{numpy,
    title={The NumPy array: a structure for efficient numerical computation},
    author={Van Der Walt, Stefan and Colbert, S Chris and Varoquaux, Gael},
    journal={Computing in Science \& Engineering},
    volume={13},
    number={2},
    pages={22},
    year={2011},
    publisher={IEEE Computer Society}
}

@article{oliphant2007python,
    title={Python for scientific computing},
    author={Oliphant, Travis E},
    journal={Computing in Science \& Engineering},
    volume={9},
    number={3},
    pages={10--20},
    year={2007},
    publisher={IEEE}
}

@inproceedings{gu2010phase,
    title={The phase analysis of ongoing EEG oscillations under face/object perception},
    author={Gu, Guan and Yang, Yuan and Zhu, Yisheng and Qiu, Yihong},
    booktitle={2010 3rd International Conference on Biomedical Engineering and Informatics},
    volume={3},
    pages={1063--1066},
    year={2010},
    organization={IEEE}
}
